@misc {GitHubDocs,
   url = {https://docs.github.com/en},
   title = {GitHub Docs},
}

@misc {git,
   url = {https://git-scm.com/},
   title = {git-scm},
}

@misc {DiveGit,
   author = {Justin Li},
   year = {2024},
   title = {A Deep Dive into Git},
}
